[gd_scene load_steps=17 format=2]

[ext_resource path="res://Player.tscn" type="PackedScene" id=1]
[ext_resource path="res://GameWorld.cs" type="Script" id=2]
[ext_resource path="res://ObstacleStone.tscn" type="PackedScene" id=3]
[ext_resource path="res://Obstacle.tscn" type="PackedScene" id=4]
[ext_resource path="res://Bullets.tscn" type="PackedScene" id=5]
[ext_resource path="res://Sounds/StoneCrack.ogg" type="AudioStream" id=6]
[ext_resource path="res://UI.tscn" type="PackedScene" id=7]
[ext_resource path="res://Stone.tscn" type="PackedScene" id=8]
[ext_resource path="res://Sounds/GhostDisappear.ogg" type="AudioStream" id=9]
[ext_resource path="res://Cannon.tscn" type="PackedScene" id=10]
[ext_resource path="res://Door.tscn" type="PackedScene" id=11]
[ext_resource path="res://GhostSpawner.cs" type="Script" id=12]
[ext_resource path="res://ObstacleWall.tscn" type="PackedScene" id=13]
[ext_resource path="res://ObstacleBlock.tscn" type="PackedScene" id=14]
[ext_resource path="res://Box.tscn" type="PackedScene" id=15]

[sub_resource type="CircleShape2D" id=1]
radius = 42.9367

[node name="Node2D" type="Node2D"]
position = Vector2( -1, 0 )
script = ExtResource( 2 )
__meta__ = {
"_edit_horizontal_guides_": [ 65.154 ]
}
StoneCrackSound = ExtResource( 6 )
GhostDisappearSound = ExtResource( 9 )

[node name="GateDoor1" parent="." instance=ExtResource( 11 )]
position = Vector2( 67.5547, 471.478 )
rotation = 0.735554
scale = Vector2( 0.972791, 2.77275 )

[node name="GateDoor2" parent="." instance=ExtResource( 11 )]
position = Vector2( 90.8737, 312.656 )
rotation = 1.97621
scale = Vector2( 1.66383, 2.77289 )

[node name="Player" parent="." instance=ExtResource( 1 )]
position = Vector2( 447.858, 306.906 )
collision_layer = 32

[node name="Camera2D" type="Camera2D" parent="Player"]
current = true

[node name="Obstacle2" parent="." instance=ExtResource( 4 )]
position = Vector2( 316.093, 283.003 )
rotation = -0.586353
scale = Vector2( 1.15729, 1.83452 )

[node name="Obstacle14" parent="." instance=ExtResource( 4 )]
position = Vector2( 187.97, 79.5134 )
rotation = 1.61044
scale = Vector2( 1.15729, 1.83452 )

[node name="Obstacle3" parent="." instance=ExtResource( 4 )]
position = Vector2( 513.289, 363.596 )
rotation = 2.65304
scale = Vector2( 3.08065, 1.08478 )

[node name="Obstacle19" parent="." instance=ExtResource( 4 )]
position = Vector2( 745.267, -133.296 )
rotation = 0.24388
scale = Vector2( 3.08065, 1.08478 )

[node name="Obstacle5" parent="." instance=ExtResource( 4 )]
position = Vector2( 967.224, 479.586 )
rotation = 1.77265
scale = Vector2( 3.08065, 1.08478 )

[node name="Obstacle21" parent="." instance=ExtResource( 4 )]
position = Vector2( 822.838, 712.826 )
rotation = 2.65406
scale = Vector2( 3.08065, 1.08478 )

[node name="Obstacle" parent="." instance=ExtResource( 4 )]
position = Vector2( 429.143, 195.577 )

[node name="Obstacle7" parent="." instance=ExtResource( 4 )]
position = Vector2( 681.075, 197.91 )
rotation = -1.85501
scale = Vector2( 2.36286, 1.77372 )

[node name="Obstacle8" parent="." instance=ExtResource( 4 )]
position = Vector2( 877.274, 16.1954 )
rotation = -0.561332
scale = Vector2( 1.18612, 0.668851 )

[node name="Obstacle16" parent="." instance=ExtResource( 4 )]
position = Vector2( 899.04, 50.2046 )
rotation = 2.56067
scale = Vector2( 1.18612, 0.668851 )

[node name="Obstacle18" parent="." instance=ExtResource( 4 )]
position = Vector2( 893.599, -54.5436 )
rotation = -0.561332
scale = Vector2( 1.18612, 0.668851 )

[node name="Obstacle17" parent="." instance=ExtResource( 4 )]
position = Vector2( 915.365, -20.5344 )
rotation = 2.56067
scale = Vector2( 1.18612, 0.668851 )

[node name="Obstacle28" parent="." instance=ExtResource( 4 )]
position = Vector2( -125.101, 451.513 )
rotation = 0.0341072
scale = Vector2( 1.18612, 0.668851 )

[node name="Obstacle27" parent="." instance=ExtResource( 4 )]
position = Vector2( -164.909, 491.25 )
rotation = 3.15611
scale = Vector2( 1.18612, 0.668851 )

[node name="Obstacle25" parent="." instance=ExtResource( 4 )]
position = Vector2( -74.4997, 437.242 )
rotation = 3.15611
scale = Vector2( 1.18612, 0.668851 )

[node name="Obstacle11" parent="." instance=ExtResource( 4 )]
position = Vector2( 825.702, 339.038 )
rotation = 1.33467
scale = Vector2( 1.18612, 0.668851 )

[node name="Obstacle12" parent="." instance=ExtResource( 4 )]
position = Vector2( 783.714, 350.701 )
rotation = 0.553218
scale = Vector2( 1.18612, 0.668851 )

[node name="Obstacle9" parent="." instance=ExtResource( 4 )]
position = Vector2( 595.931, 526.82 )
rotation = 1.06017
scale = Vector2( 1.31771, 1.70037 )

[node name="Obstacle20" parent="." instance=ExtResource( 4 )]
position = Vector2( 491.211, 615.673 )
rotation = 1.06017
scale = Vector2( 1.31771, 1.70037 )

[node name="Obstacle22" parent="." instance=ExtResource( 4 )]
position = Vector2( 653.051, 688.66 )
rotation = 1.06017
scale = Vector2( 1.31771, 1.70037 )

[node name="Obstacle10" parent="." instance=ExtResource( 4 )]
position = Vector2( 343.567, 563.035 )
rotation = -0.819981
scale = Vector2( 1.31771, 1.70037 )

[node name="Obstacle29" parent="." instance=ExtResource( 4 )]
position = Vector2( -17.2568, 603.76 )
rotation = 0.741912
scale = Vector2( 1.31771, 1.70037 )

[node name="Obstacle23" parent="." instance=ExtResource( 4 )]
position = Vector2( 0.316284, 401.223 )
rotation = -0.819981
scale = Vector2( 1.31771, 1.70037 )

[node name="Obstacle24" parent="." instance=ExtResource( 4 )]
position = Vector2( -218.182, 525.672 )
rotation = -0.819981
scale = Vector2( 1.31771, 1.70037 )

[node name="Obstacle30" parent="." instance=ExtResource( 4 )]
position = Vector2( -99.0926, 706.148 )
rotation = -1.28179
scale = Vector2( 1.31771, 1.70037 )

[node name="Obstacle4" parent="." instance=ExtResource( 4 )]
position = Vector2( 332.216, 208.5 )
rotation = -1.74599

[node name="Obstacle13" parent="." instance=ExtResource( 4 )]
position = Vector2( 268.908, 23.0983 )
rotation = -1.74599

[node name="Obstacle15" parent="." instance=ExtResource( 4 )]
position = Vector2( 372.335, -13.107 )
rotation = -3.85623
scale = Vector2( 1.65611, 0.279997 )

[node name="Obstacle6" parent="." instance=ExtResource( 4 )]
position = Vector2( 161.812, 513.51 )
rotation = -1.74599
scale = Vector2( 1.42229, 2.89305 )

[node name="Bullets" parent="." instance=ExtResource( 5 )]
position = Vector2( 528.666, 475.115 )

[node name="ObstacleStone" parent="." instance=ExtResource( 3 )]
position = Vector2( 105.211, 219.859 )
rotation = 0.422945
scale = Vector2( 1.86897, 3.96299 )

[node name="ObstacleStone8" parent="." instance=ExtResource( 3 )]
position = Vector2( 105.211, 219.859 )
rotation = 0.422945
scale = Vector2( 1.86897, 3.96299 )

[node name="ObstacleStone6" parent="." instance=ExtResource( 3 )]
position = Vector2( 523.725, -75.8903 )
rotation = 2.57416
scale = Vector2( 3.1315, 1.26561 )

[node name="ObstacleStone7" parent="." instance=ExtResource( 3 )]
position = Vector2( 533.248, -59.5659 )
rotation = 2.37784
scale = Vector2( 3.1315, 1.26561 )

[node name="ObstacleStone3" parent="." instance=ExtResource( 3 )]
position = Vector2( 941.598, 195.456 )
rotation = -0.480614
scale = Vector2( 1.1547, 5.36106 )

[node name="ObstacleStone2" parent="." instance=ExtResource( 3 )]
position = Vector2( 522.71, 248.266 )
rotation = -0.612165
scale = Vector2( 1.05259, 1.78405 )

[node name="ObstacleStone4" parent="." instance=ExtResource( 3 )]
position = Vector2( 722.156, 522.359 )
rotation = -0.612165
scale = Vector2( 1.05259, 1.78405 )

[node name="ObstacleStone5" parent="." instance=ExtResource( 3 )]
position = Vector2( 709.326, 471.039 )
rotation = -0.612165
scale = Vector2( 1.05259, 1.78405 )

[node name="Stone" parent="." instance=ExtResource( 8 )]
position = Vector2( 157.73, 386.005 )
rotation = 1.06185
Loot = ExtResource( 5 )

[node name="Cannon" parent="." instance=ExtResource( 10 )]
position = Vector2( 827.797, 212.94 )

[node name="Bullets2" parent="." instance=ExtResource( 5 )]
position = Vector2( -140.58, 637.181 )

[node name="GhostSpawner" type="Area2D" parent="."]
position = Vector2( 823.154, 211.578 )
script = ExtResource( 12 )

[node name="CollisionShape2D" type="CollisionShape2D" parent="GhostSpawner"]
modulate = Color( 0.690196, 0.447059, 0.113725, 1 )
shape = SubResource( 1 )

[node name="P1" type="Position2D" parent="GhostSpawner"]
position = Vector2( -503.637, 205.11 )

[node name="P2" type="Position2D" parent="GhostSpawner"]
position = Vector2( -374.725, 254.219 )

[node name="P3" type="Position2D" parent="GhostSpawner"]
position = Vector2( -583.439, -77.2681 )

[node name="GhostSpawner2" type="Area2D" parent="."]
position = Vector2( -144.714, 627.965 )
script = ExtResource( 12 )

[node name="CollisionShape2D" type="CollisionShape2D" parent="GhostSpawner2"]
modulate = Color( 0.690196, 0.447059, 0.113725, 1 )
shape = SubResource( 1 )

[node name="P1" type="Position2D" parent="GhostSpawner2"]
position = Vector2( -96.5034, -590.651 )

[node name="P2" type="Position2D" parent="GhostSpawner2"]
position = Vector2( -591.246, 330.094 )

[node name="P3" type="Position2D" parent="GhostSpawner2"]
position = Vector2( 906.3, 253.991 )

[node name="ObstacleBlock" parent="." instance=ExtResource( 14 )]
position = Vector2( -479.002, 349.999 )
rotation = 0.104504
scale = Vector2( 4.53862, -4.5381 )

[node name="ObstacleBlock2" parent="." instance=ExtResource( 14 )]
position = Vector2( -583.258, 824.809 )
rotation = 0.104504
scale = Vector2( 4.53862, -4.5381 )

[node name="ObstacleBlock3" parent="." instance=ExtResource( 14 )]
position = Vector2( -117.367, 1237.96 )
rotation = 0.104504
scale = Vector2( 4.53862, -4.5381 )

[node name="ObstacleBlock11" parent="." instance=ExtResource( 14 )]
position = Vector2( -2.12537, 1251.32 )
rotation = 0.104504
scale = Vector2( 4.53862, -4.5381 )

[node name="ObstacleBlock12" parent="." instance=ExtResource( 14 )]
position = Vector2( -22.1675, 1363.22 )
rotation = 0.104504
scale = Vector2( 4.53862, -4.5381 )

[node name="ObstacleBlock4" parent="." instance=ExtResource( 14 )]
position = Vector2( -127.916, 1355.75 )
rotation = 0.104504
scale = Vector2( 4.53862, -4.5381 )

[node name="ObstacleBlock5" parent="." instance=ExtResource( 14 )]
position = Vector2( -136.706, 1473.54 )
rotation = 0.104504
scale = Vector2( 4.53862, -4.5381 )

[node name="ObstacleBlock13" parent="." instance=ExtResource( 14 )]
position = Vector2( -36.4958, 1480.22 )
rotation = 0.104504
scale = Vector2( 4.53862, -4.5381 )

[node name="ObstacleBlock14" parent="." instance=ExtResource( 14 )]
position = Vector2( 80.4164, 1496.92 )
rotation = 0.104504
scale = Vector2( 4.53862, -4.5381 )

[node name="ObstacleBlock15" parent="." instance=ExtResource( 14 )]
position = Vector2( 92.1077, 1386.69 )
rotation = 0.104504
scale = Vector2( 4.53862, -4.5381 )

[node name="ObstacleBlock16" parent="." instance=ExtResource( 14 )]
position = Vector2( 105.469, 1271.45 )
rotation = 0.104504
scale = Vector2( 4.53862, -4.5381 )

[node name="ObstacleBlock6" parent="." instance=ExtResource( 14 )]
position = Vector2( -554.25, 1869.37 )
rotation = 0.104504
scale = Vector2( 4.53862, -4.5381 )

[node name="Box" parent="." instance=ExtResource( 15 )]
position = Vector2( -474.27, 1741.56 )

[node name="Box2" parent="." instance=ExtResource( 15 )]
position = Vector2( -346.021, 1760.56 )

[node name="Box3" parent="." instance=ExtResource( 15 )]
position = Vector2( -217.772, 1774.81 )

[node name="ObstacleBlock7" parent="." instance=ExtResource( 14 )]
position = Vector2( -439.008, 1882.73 )
rotation = 0.104504
scale = Vector2( 4.53862, -4.5381 )

[node name="ObstacleBlock8" parent="." instance=ExtResource( 14 )]
position = Vector2( -327.106, 1892.75 )
rotation = 0.104504
scale = Vector2( 4.53862, -4.5381 )

[node name="ObstacleBlock9" parent="." instance=ExtResource( 14 )]
position = Vector2( -210.194, 1906.11 )
rotation = 0.104504
scale = Vector2( 4.53862, -4.5381 )

[node name="ObstacleBlock10" parent="." instance=ExtResource( 14 )]
position = Vector2( -96.6221, 1917.81 )
rotation = 0.104504
scale = Vector2( 4.53862, -4.5381 )

[node name="ObstacleWall" parent="." instance=ExtResource( 13 )]
position = Vector2( -187.168, 272.691 )
rotation = -0.258121
scale = Vector2( 4.71092, -3.40588 )

[node name="ObstacleWall2" parent="." instance=ExtResource( 13 )]
position = Vector2( -573.151, 530.373 )
rotation = -1.53787
scale = Vector2( 4.589, -3.10293 )

[node name="ObstacleWall4" parent="." instance=ExtResource( 13 )]
position = Vector2( -592.49, 1112.3 )
rotation = -1.53787
scale = Vector2( 4.589, -3.10293 )

[node name="ObstacleWall5" parent="." instance=ExtResource( 13 )]
position = Vector2( -583.299, 1572.29 )
rotation = -1.53787
scale = Vector2( 4.589, -3.10293 )

[node name="ObstacleWall6" parent="." instance=ExtResource( 13 )]
position = Vector2( 83.3947, 1712.3 )
rotation = -1.04205
scale = Vector2( 4.589, -3.10293 )

[node name="ObstacleWall3" parent="." instance=ExtResource( 13 )]
position = Vector2( -109.599, 944.067 )
rotation = -1.54691
scale = Vector2( 4.589, -3.10293 )

[node name="CanvasLayer" type="CanvasLayer" parent="."]

[node name="UI" parent="CanvasLayer" instance=ExtResource( 7 )]
margin_right = 1280.0
margin_bottom = 720.0
[connection signal="body_entered" from="GhostSpawner" to="GhostSpawner" method="OnBodyEntered"]
[connection signal="body_entered" from="GhostSpawner" to="." method="OnGhostSpawnerBodyEntered"]
[connection signal="body_entered" from="GhostSpawner2" to="GhostSpawner2" method="OnBodyEntered"]
